<?xml version="1.0" encoding="UTF-8"?><record xmlns="http://www.loc.gov/MARC21/slim" xmlns:cinclude="http://apache.org/cocoon/include/1.0" xmlns:zs="http://www.loc.gov/zing/srw/">
  <leader>00527cz  a2200157n  4500</leader>
  <controlfield tag="001">n  83829589 </controlfield>
  <controlfield tag="003">DLC</controlfield>
  <controlfield tag="005">20081205075710.0</controlfield>
  <controlfield tag="008">840322n| acannaabn          |a aad     c</controlfield>
  <datafield tag="010" ind1=" " ind2=" ">
    <subfield code="a">n  83829589 </subfield>
  </datafield>
  <datafield tag="035" ind1=" " ind2=" ">
    <subfield code="a">(OCoLC)oca01070462</subfield>
  </datafield>
  <datafield tag="040" ind1=" " ind2=" ">
    <subfield code="a">ICU</subfield>
    <subfield code="b">eng</subfield>
    <subfield code="c">ICU</subfield>
    <subfield code="d">OCoLC</subfield>
  </datafield>
  <datafield tag="100" ind1="1" ind2=" ">
    <subfield code="a">Simmons, George Henry,</subfield>
    <subfield code="d">1852-1937</subfield>
  </datafield>
  <datafield tag="400" ind1="1" ind2=" ">
    <subfield code="a">Simmons, George H.</subfield>
    <subfield code="q">(George Henry),</subfield>
    <subfield code="d">1852-1937</subfield>
  </datafield>
  <datafield tag="667" ind1=" " ind2=" ">
    <subfield code="a">PRELIMINARY</subfield>
  </datafield>
  <datafield tag="670" ind1=" " ind2=" ">
    <subfield code="a">LCCN 38-14018: Fishbein, M. Medical writing, 1938</subfield>
    <subfield code="b">(hdg.: Simmons, George Henry, 1852-1937; variant: George H. Simmons)</subfield>
  </datafield>
</record>